<?xml version="1.0" encoding="UTF-8"?><collection xmlns="http://www.loc.gov/MARC21/slim"><record><leader>00347nam--2200109-i-4500</leader><controlfield tag="001">000018653</controlfield><controlfield tag="002">20161230</controlfield><controlfield tag="005">20161230201032</controlfield><controlfield tag="008">060222s1000------------r-----000-0-eng-d</controlfield><datafield ind1=" " ind2=" " tag="245"><subfield code="a">Conferenza internationale di sienna sulle particelle elementari.1963, settembre.riassuti pervenuto 31 agosto, 1963</subfield></datafield><datafield ind1=" " ind2=" " tag="260"><subfield code="a">Siena, C.N.R.N., 1963. 165 P</subfield></datafield><datafield ind1=" " ind2=" " tag="852"><subfield code="a">19657</subfield></datafield></record></collection>